@book{Hofstadter_2023, place={New York}, title={Gödel, Escher, Bach: An eternal golden braid}, publisher={Basic Books}, author={Hofstadter, Douglas R.}, year={2023}} 


@article{shannon1948communication,
  author = {Shannon, Claude E.},
  title = {Gödel, Escher, Bach: an Eternal Golden Braid},
  journal = {Bell System Technical Journal},
  year = 1948,
  volume = {27},
  number = {3},
  pages = {379-423},
}

@article{IncompleteIncomplete,
    author = {Uhlmann, Jeffrey},
    title = {A Note on the Incompleteness of Gödel’s Incompleteness Theorems},
    journal = {University of Missouri, Columbia},
    year = {2023},
    doi = {https://arxiv.org/abs/2309.05729v3}
}
@article{Alternative,
    author = {Al-Johar, Zuhair},
    title = {An alternative proof of Gödel’s first incompleteness theorem},
    year = {2023},
    doi = {https://arxiv.org/abs/2308.10904}
}